@article{дубаков2013сетевое,
  title={СЕТЕВОЕ ПРОГРАММИРОВАНИЕ Учебное пособие},
  author={Дубаков, АА},
  journal={СПб.: НИУ ИТМО},
  year={2013}
}


@book{фунтов2021основы,
  title={Основы управления проектами в компании: Учебное пособие. 4-е изд., дополненное. Стандарт третьего поколения},
  author={Фунтов, Валерий Николаевич},
  year={2021},
  publisher={" Издательский дом"" Питер"""}
}
